@book{liu,
    title = {Algebraic Geometry and
Arithmetic Curves},
    author = {Qing Liu},
    year = {2002},
    publisher = {Oxford University Press}
}

@misc{scholze,
  author = {Peter Scholze},
  title = {Algebraic Geometry 1},
  howpublished = "\url{http://www.math.uni-bonn.de/people/ja/alggeoI/notes.pdf}"
}


@book{hart,
    title = {Algebraic Geometry},
    author = {Robin Hartshorne},
    year = {1977},
    publisher = {Springer}
}